@Article{Burgarellietal2006,
  Author         = {Burgarelli, Denise and Kischinhevsky, Mauricio and
                   Biezuner, Rodney Josu\'{e}},
  Title          = {A new adaptive mesh refinement strategy for
                   numerically solving evolutionary PDE's},
  Journal        = {J. Comput. Appl. Math.},
  Volume         = {196},
  Pages          = {115--131},
  acmid          = {1163888},
  address        = {Amsterdam, The Netherlands, The Netherlands},
  doi            = {10.1016/j.cam.2005.08.013},
  issn           = {0377-0427},
  issue          = {1},
  keywords       = {PDE, adaptive mesh refinement, numerical simulation,
                   space filling curve},
  month          = {November},
  numpages       = {17},
  publisher      = {Elsevier Science Publishers B. V.},
  url            = {http://portal.acm.org/citation.cfm?id=1163880.1163888},
  year           = 2006
}

@Article{Luo1991,
  Author         = "{C. Luo} and {Yoram Rudy}",
  Title          = "A model of the ventricular cardiac action potential.
                   Depolarization, repolarization, and their interaction.",
  Journal        = "Circ Res",
  Volume         = "68",
  Number         = "6",
  Pages          = "1501--26",
  year           = 1991
}

@Book{Sundnes2006Book,
  Author         = "{J. Sundnes} and {G. T. Lines} and {X. Cai} and {B. F.
                   Nielsen} and {K. A. Mardal} and {A. Tveito}",
  Title          = "Computing the {E}lectrical {A}ctivity in the {H}eart",
  Publisher      = "Springer",
  year           = 2006
}

@Article{Weber2004,
  Author         = "{R. W. Santos} and {G. Plank} and {S. Bauer} and {E.
                   J. Vigmond}",
  Title          = "Parallel multigrid preconditioner for the cardiac
                   bidomain model",
  Journal        = "IEEE Trans Biomed Eng",
  Volume         = "51",
  Number         = "11",
  Pages          = "1960--1968",
  year           = 2004
}

@Article{MacLachlan2007,
  Author         = "{M. C. Maclachlan} and {J. Sundnes} and {R. J.
                   Spiteri}",
  Title          = "A comparison of non-standard solvers for ODEs
                   describing cellular reactions in the heart",
  Journal        = "Comput Methods Biomech Biomed Engin",
  Volume         = "10",
  Pages          = "317--326",
  year           = 2007
}

@Article{Plank2007,
  Author         = "{G. Plank} and {M. Liebmann} and {R. W. Santos} and
                   {E. J. Vigmond} and {G. Haase}",
  Title          = "Algebraic multigrid preconditioner for the cardiac
                   bidomain model",
  Journal        = "IEEE Trans. Biomed. Eng.",
  Volume         = "54",
  Number         = "4",
  Pages          = "585--596",
  year           = 2007
}

@Article{Burgarelli1998,
  title={Modelagem X computacional e simula{\c{c}}{\~a}o num{\'e}rica adaptativa de equa{\c{c}}{\~o}es diferenciais parciais evolutivas aplicadas a um problema termoac{\'u}stico},
  author={Burgarelli, D.},
  publisher={Ph.D. thesis, PUC-Rio, Rio de Janeiro, Brasil, 1998 (in Portuguese)}
}


@article{Gamezoetal2005a,
  title={Three-dimensional delayed-detonation model of type Ia supernovae},
  author={Gamezo, V.N. and Khokhlov, A.M. and Oran, E.S.},
  journal={The Astrophysical Journal},
  volume={623},
  pages={337},
  year={2005},
  publisher={IOP Publishing}
}

@article{Jietal2008,
  title={A robust and efficient hybrid cut-cell/ghost-cell method with adaptive mesh refinement for moving boundaries on irregular domains},
  author={Ji, H. and Lien, F.S. and Yee, E.},
  journal={Computer Methods in Applied Mechanics and Engineering},
  volume={198},
  number={3-4},
  pages={432--448},
  year={2008},
  publisher={Elsevier}
}

@inproceedings{Penneretal2007,
  title={Three dimensional adaptive mesh refinement on a spherical shell for atmospheric models with lagrangian coordinates},
  author={Penner, J.E. and Andronova, N. and Oehmke, R.C. and Brown, J. and Stout, Q.F. and Jablonowski, C. and Leer, B. and Powell, K.G. and Herzog, M.},
  booktitle={Journal of Physics: Conference Series},
  volume={78},
  pages={012072},
  year={2007},
  organization={IOP Publishing}
}

@article{tavakoli2006,
  title={CartGen: Robust, efficient and easy to implement uniform/octree/embedded boundary Cartesian grid generator},
  author={Tavakoli, R.},
  journal={International Journal for Numerical Methods in Fluids},
  volume={57},
  number={12},
  pages={1753--1770},
  year={2008},
  publisher={Wiley Online Library}
}

@conference{coudiere20092d,
  author         = {Coudiere, y. and Pierre, C. and Turpault, R.},
  booktitle      = {proceedings of Algoritmy},
  pages          = {1--10},
  title          = {{A 2d/3d finite volume method used to solve the
                   bidomain equations of electrocardiology}},
  year           = 2009
}

@Article{harrild1997finite,
  Author         = {Harrild, D.M. and Henriquez, C.S.},
  Title          = {{A finite volume model of cardiac propagation}},
  Journal        = {Annals of biomedical engineering},
  Volume         = {25},
  Number         = {2},
  Pages          = {315--334},
  issn           = {0090-6964},
  publisher      = {Springer},
  year           = 1997
}